%% This BibTeX bibliography file was created using BibDesk.
%% http://bibdesk.sourceforge.net/


%% Created for sunarjob at 2011-10-12 17:37:35 +0200 


%% Saved with string encoding Unicode (UTF-8) 



@article{helbing.1997,
	Author = {Dirk Helbing and Joachim Keltsch and P{\'e}ter Moln{\'a}r},
	Date-Added = {2011-10-12 17:35:16 +0200},
	Date-Modified = {2011-10-12 17:37:18 +0200},
	Journal = {Nature},
	Number = {3},
	Title = {Modelling the evolution of human trail systems},
	Volume = {388},
	Year = {1997}}
