%% This BibTeX bibliography file was created using BibDesk.
%% http://bibdesk.sourceforge.net/


%% Created for sunarjob at 2011-12-16 20:51:31 +0100 


%% Saved with string encoding Unicode (UTF-8) 



@manual{vector25,
	Date-Added = {2011-12-16 19:06:30 +0000},
	Date-Modified = {2011-12-16 19:51:31 +0000},
	Month = {June},
	Organization = {Bundesamt f{\"u}r Landestopografie},
	Title = {Vector25: Das digitale Landschaftsmodell der Schweiz},
	Url = {http://www.swisstopo.admin.ch/internet/swisstopo/de/home/products/landscape/vector25.parsysrelated1.47641.downloadList.50692.DownloadFile.tmp/vector25infode.pdf},
	Year = {2007},
	Bdsk-Url-1 = {http://www.swisstopo.admin.ch/internet/swisstopo/de/home/products/landscape/vector25.parsysrelated1.47641.downloadList.50692.DownloadFile.tmp/vector25infode.pdf}}

@article{koelbl_helbing:2003,
	Author = {Robert K{\"o}lbl and Dirk Helbing},
	Date-Added = {2011-12-16 13:49:22 +0000},
	Date-Modified = {2011-12-16 13:55:27 +0000},
	Journal = {New Journal of Physics},
	Number = {48},
	Title = {Energy laws in human travel behaviour},
	Volume = {5},
	Year = {2003}}

@unpublished{trailsystems,
	Author = {Jonas Pfefferle and Nicholas Pleschko},
	Date-Added = {2011-10-20 22:06:51 +0200},
	Date-Modified = {2011-10-20 22:08:33 +0200},
	Month = {December},
	Note = {Project Report for Lecture "Modelling and Simulating Social Systems with MATLAB"},
	Title = {Simulation of Human Trail Systems},
	Year = {2010}}

@article{helbing:1997,
	Author = {Dirk Helbing and Joachim Keltsch and P{\'e}ter Moln{\'a}r},
	Date-Added = {2011-10-12 17:35:16 +0200},
	Date-Modified = {2011-10-17 18:29:20 +0200},
	Journal = {Nature},
	Number = {3},
	Title = {Modelling the evolution of human trail systems},
	Volume = {388},
	Year = {1997}}
